@patent{abravayaDoubleStrandedLinear2005,
    title = {Double {{Stranded Linear Nucleic Acid Probe}} and {{Uses Thereof}}},
    author = {Abravaya, Klara X. and Hackett JR., John R. and Huang, Shihai X.
              and Luk, Ka-Cheung X. and Salituro, John A. and Morrison, Larry E.},
    year = {2005},
    number = {2005O227257A1},
    pages = {35},
    langid = {english},
    nationality = {US},
}

@article{achterbergBranchingRulesRevisited2005,
    title = {Branching Rules Revisited},
    author = {Achterberg, Tobias and Koch, Thorsten and Martin, Alexander},
    year = {2005},
    journal = {Operations Research Letters},
    volume = {33},
    number = {1},
    pages = {42--54},
    issn = {0167-6377},
    doi = {10.1016/j.orl.2004.04.002},
    langid = {english},
}

@phdthesis{achterbergConstraintIntegerProgramming2007,
    title = {Constraint {{Integer Programming}}},
    author = {Achterberg, Tobias},
    year = {2007},
    address = {Berlin},
    langid = {english},
    school = {Technischen Universität Berlin},
}

@article{achterbergPresolveReductionsMixed2019,
    title = {Presolve {{Reductions}} in {{Mixed Integer Programming}}},
    author = {Achterberg, Tobias and Bixby, Robert E. and Gu, Zonghao and
              Rothberg, Edward and Weninger, Dieter},
    year = {2019},
    journal = {INFORMS Journal on Computing},
    pages = {473--506},
    langid = {english},
}

@inproceedings{achterbergRoundingPropagationHeuristics2012,
    title = {Rounding and {{Propagation Heuristics}} for {{Mixed Integer
             Programming}}},
    booktitle = {Operations {{Research Proceedings}} 2011},
    author = {Achterberg, Tobias and Berthold, Timo and Hendel, Gregor},
    editor = {Klatte, Diethard and Lüthi, Hans-Jakob and Schmedders, Karl},
    year = {2012},
    pages = {71--76},
    publisher = {Springer Berlin Heidelberg},
    address = {Berlin, Heidelberg},
    doi = {10.1007/978-3-642-29210-1_12},
    isbn = {978-3-642-29210-1},
    langid = {english},
}

@book{aczelNonWellFoundedSets1988,
    title = {Non-{{Well-Founded Sets}}},
    author = {Aczel, Peter},
    year = {1988},
    series = {{{CSLI Lecture Notes}}},
    number = {14},
    publisher = {Stanford},
    address = {US},
    langid = {english},
}

@book{ahiezerLekciiPoVariacionnomu1955,
    title = {{Лекции по вариационному исчислению}},
    author = {Ахиезер, Наум Ильич},
    editor = {Рывкин, А. З.},
    year = {1955},
    publisher = {Государственное издательство технико-теоретической литературы},
    address = {Москва},
    langid = {russian},
}

@article{andersenPresolvingLinearProgramming1995,
    title = {Presolving in Linear Programming},
    author = {Andersen, Erling D. and Andersen, Knud D.},
    year = {1995},
    month = {Mathematical Programming},
    volume = {71},
    number = {2},
    pages = {221--245},
    issn = {1436-4646},
    doi = {10.1007/BF01586000},
    langid = {english},
}

@misc{bahdanauNeuralMachineTranslation2014,
    title = {Neural {{Machine Translation}} by {{Jointly Learning}} to {{Align}}
             and {{Translate}}},
    author = {Bahdanau, Dzmitry and Cho, Kyunghyun and Bengio, Yoshua},
    year = {2014},
    number = {arXiv:1409.0473v7},
    eprint = {1409.0473v7},
    publisher = {arXiv},
    doi = {10.48550/arXiv.1409.0473},
    urldate = {2024-08-29},
    archiveprefix = {arXiv},
    langid = {english},
}

@article{ballImprovedMRNAQuantitation2003,
    title = {Improved {{mRNA Quantitation}} in {{LightCycler RT-PCR}}},
    author = {Ball, T.B. and Plummer, F.A. and HayGlass, K.T.},
    year = {2003},
    journal = {International Archives of Allergy and Immunology},
    volume = {130},
    number = {1},
    pages = {82--86},
    issn = {1018-2438},
    doi = {10.1159/000068372},
    langid = {english},
}

@article{barKineticOutlierDetection2003,
    title = {Kinetic {{Outlier Detection}} ({{KOD}}) in Real‐time {{PCR}}},
    author = {Bar, Tzachi and Ståhlberg, Anders and Muszta, Anders and Kubista,
              Mikael},
    year = {2003},
    journal = {Nucleic Acids Research},
    volume = {31},
    number = {17},
    pages = {e105-e105},
    issn = {0305-1048},
    doi = {10.1093/nar/gng106},
    urldate = {2024-09-25},
    langid = {english},
}

@mastersthesis{bertholdPrimalHeuristicsMixed2006,
    title = {Primal {{Heuristics}} for {{Mixed Integer Programs}}},
    author = {Berthold, Timo},
    year = {2006},
    address = {Berlin},
    urldate = {2024-06-13},
    langid = {english},
    school = {Technischen Universit ̈at Berlin},
}

@article{boluferQuantitativeAssessmentPMLRARa2004,
    title = {Quantitative {{Assessment}} of {{PML-RARa}} and {{BCR-ABL}} by {{
             Two Real-Time PCR Instruments}}: {{Multiinstitutional Laboratory
             Trial}}},
    author = {Bolufer, Pascual and Colomer, Dolors and Gomez, Maria T and
              Martínez, Joaquín and Gonzalez, Silvia M and Gonzalez, Marcos and
              Nomdedeu, Josep and Bellosillo, Beatriz and Barragán, Eva and {
              Lo-Coco}, Francesco and Diverio, Daniela and Hermosin, Lourdes and
              {García-Marco}, José and {de Juan}, Maria D and Barros, Francisco
              and Romero, Rafael and Sanz, Miguel A},
    year = {2004},
    journal = {Clinical Chemistry},
    volume = {50},
    number = {6},
    pages = {1088--1092},
    issn = {0009-9147},
    doi = {10.1373/clinchem.2003.028308},
    urldate = {2024-10-08},
    langid = {english},
}

@book{bureTeoriyaVeroyatnosteyMatematicheskaya2013,
    title = {{Теория Вероятностей и Математическая Статистика: Учебник}},
    author = {Буре, В. М. and Парилина, Е. М.},
    year = {2013},
    publisher = {Лань},
    address = {Москва},
    isbn = {978-5-8114-1508-3},
    langid = {russian},
}

@article{burkardtStandardizationQualityControl2000,
    title = {Standardization and Quality Control of {{PCR}} Analyses},
    author = {Burkardt, H. J.},
    year = {2000},
    journal = {Clinical chemistry and laboratory medicine},
    volume = {38},
    number = {2},
    pages = {87--91},
    address = {Germany},
    issn = {1434-6621},
    doi = {10.1515/CCLM.2000.014},
    langid = {english},
    pmid = {10834394},
}

@article{bustinImprovingQualityQuantitative2024,
    title = {Improving the Quality of Quantitative Polymerase Chain Reaction
             Experiments: 15 Years of {{MIQE}}},
    author = {Bustin, Stephen A.},
    year = {2024},
    journal = {Molecular Aspects of Medicine},
    volume = {96},
    pages = {101249},
    issn = {0098-2997},
    doi = {10.1016/j.mam.2024.101249},
    urldate = {2024-11-28},
}

@book{buttonSetTheoryOpen2021,
    title = {Set {{Theory}}: {{An Open Introduction}}},
    author = {Button, Tim},
    year = {2021},
    urldate = {2023-08-22},
    langid = {english},
}

@inproceedings{celisRobinHoodHashing1985,
    title = {Robin Hood Hashing},
    booktitle = {Proceedings of the 26th {{Annual Symposium}} on {{Foundations}}
                 of {{Computer Science}}},
    author = {Celis, Pedro and Larson, Per-Ake and Munro, J. Ian},
    year = {1985},
    series = {{{SFCS}} '85},
    pages = {281--288},
    publisher = {IEEE Computer Society},
    address = {USA},
    doi = {10.1109/SFCS.1985.48},
    isbn = {0818608444},
    langid = {english},
}

@article{cichockiRealTimePCR2004,
    title = {Real Time {{PCR}} (Light Cycler) and Quantification of Gene
             Expression Levels of the Insulin-Dependent Glucose Transport
             Molecule {{GLUT4}} in Human Myocardium},
    author = {Cichocki, Lisa and Bareza, N and Gasser, Robert N. A. and Gasser,
              S. and Hecking, Carola and Klein, Willibrord and Pilger, Ernst},
    year = {2004},
    journal = {Journal of clinical and basic cardiology},
    volume = {7},
    number = {1-4},
    pages = {26--27},
    langid = {english},
}

@book{cypkinOsnovyTeoriiAvtomaticheskih1977,
    title = {{Основы теории автоматических систем}},
    author = {Цыпкин, Я. З.},
    year = {1977},
    publisher = {Наука},
    address = {Москва},
    langid = {russian},
}

@book{dalenLogicStructure2013,
    title = {Logic and {{Structure}}},
    author = {{van Dalen}, Dirk},
    year = {2013},
    series = {Universitext},
    edition = {5th},
    publisher = {Springer},
    address = {London},
    doi = {10.1007/978-1-4471-4558-5},
    isbn = {978-1-4471-4557-8 978-1-4471-4558-5},
    langid = {english},
}

@article{davisColumnApproximateMinimum2004,
    title = {A Column Approximate Minimum Degree Ordering Algorithm},
    author = {Davis, Timothy A. and Gilbert, John R. and Larimore, Stefan I. and
              Ng, Esmond G.},
    year = {2004},
    month = {ACM Trans. Math. Softw.},
    volume = {30},
    number = {3},
    pages = {353--376},
    issn = {0098-3500},
    doi = {10.1145/1024074.1024079},
    langid = {english},
}

@article{dejacoBindingBrightnessNoise2023,
    title = {Binding, Brightness, or Noise? {{Extracting}} Temperature-Dependent
             Properties of Dye Bound to {{DNA}}},
    author = {DeJaco, Robert F. and Majikes, Jacob M. and Liddle, J. Alexander
              and Kearsley, Anthony J.},
    year = {2023},
    journal = {Biophysical Journal},
    volume = {122},
    number = {7},
    pages = {1364--1375},
    publisher = {Elsevier},
    issn = {0006-3495},
    doi = {10.1016/j.bpj.2023.03.002},
    urldate = {2024-10-23},
    langid = {english},
}

@article{dejacoReducingBiasQuantifying2023,
    title = {Reducing {{Bias}} and {{Quantifying Uncertainty}} in {{Fluorescence
             Produced}} by {{PCR}}},
    author = {DeJaco, Robert F. and Roberts, Matthew J. and Romsos, Erica L. and
              Vallone, Peter M. and Kearsley, Anthony J.},
    year = {2023},
    journal = {Bulletin of Mathematical Biology},
    volume = {85},
    number = {9},
    pages = {83},
    issn = {1522-9602},
    doi = {10.1007/s11538-023-01182-z},
    urldate = {2024-12-04},
}

@article{duffAlgorithmsObtainingMaximum1981,
    title = {On {{Algorithms}} for {{Obtaining}} a {{Maximum Transversal}}},
    author = {Duff, I. S.},
    year = {1981},
    month = {ACM Trans. Math. Softw.},
    volume = {7},
    number = {3},
    pages = {315--330},
    publisher = {Association for Computing Machinery},
    address = {New York, NY, USA},
    issn = {0098-3500},
    doi = {10.1145/355958.355963},
    langid = {english},
}

@book{duistermaatDIstributionsTheoryApplications2010,
    title = {{{DIstributions}}: {{Theory}} and {{Applications}}},
    author = {Duistermaat, J. J. and Kolk, J. A. C.},
    year = {2010},
    series = {Cornerstones},
    publisher = {Birkhauser},
    isbn = {978-0-8176-4672-1 0-8176-4672-8},
    langid = {english},
}

@book{ellisHumanSectionalAnatomy2008,
    title = {Human {{Sectional Anatomy}}: {{Atlas}} of Body Sections, {{CT}} and
             {{MRI}} Images},
    author = {Ellis, Harold and Logan, Bari M. and Dixon, Adrian K.},
    year = {2008},
    edition = {3},
    publisher = {A Hodder Arnold Publication},
    isbn = {0-340-91222-7 978-0-340-91222-5},
    langid = {english},
}

@misc{ellisonHaveNoMouth1967,
    title = {I {{Have No Mouth}}, and {{I Must Scream}}},
    author = {Ellison, Harlan},
    year = {1967},
    langid = {english},
}

@article{ellisonRoutesImprovingReliability2006,
    title = {Routes to Improving the Reliability of Low Level {{DNA}} Analysis
             Using Real-Time {{PCR}}},
    author = {Ellison, Stephen LR and English, Claire A. and Burns, Malcolm J.
              and Keer, Jacquie T.},
    year = {2006},
    journal = {BMC Biotechnology},
    volume = {6},
    number = {1},
    pages = {33},
    issn = {1472-6750},
    doi = {10.1186/1472-6750-6-33},
    langid = {english},
}

@book{francoisGeneQuantification1998,
    title = {Gene {{Quantification}}},
    author = {Francois, Ferre},
    year = {1998},
    series = {Advanced {{Biomdeical Technologies}}},
    publisher = {Birkhauser},
    address = {New York},
    langid = {english},
}

@article{gamrathProgressPresolvingMixed2015,
    title = {Progress in Presolving for Mixed Integer Programming},
    author = {Gamrath, Gerald and Koch, Thorsten and Martin, Alexander and
              Miltenberger, Matthias and Weninger, Dieter},
    year = {2015},
    month = {Mathematical Programming Computation},
    volume = {7},
    pages = {367--398},
    doi = {10.1007/s12532-015-0083-5},
    langid = {english},
}

@article{gemanderTworowTwocolumnMixedinteger2020,
    title = {Two-Row and Two-Column Mixed-Integer Presolve Using Hashing-Based
             Pairing Methods},
    author = {Gemander, Patrick and Chen, Wei-Kun and Weninger, Dieter and
              Gottwald, Leona and Gleixner, Ambros and Martin, Alexander},
    year = {2020},
    month = {EURO Journal on Computational Optimization},
    volume = {8},
    number = {3},
    pages = {205--240},
    issn = {2192-4406},
    doi = {10.1007/s13675-020-00129-6},
    langid = {english},
}

@article{gevertzMathematicalModelRealtime2005,
    title = {Mathematical Model of Real-Time {{PCR}} Kinetics},
    author = {Gevertz, Jana L. and Dunn, Stanley M. and Roth, Charles M.},
    year = {2005},
    journal = {Biotechnology and Bioengineering},
    volume = {92},
    number = {3},
    pages = {346--355},
    publisher = {John Wiley \& Sons, Ltd},
    issn = {0006-3592},
    doi = {10.1002/bit.20617},
    urldate = {2024-09-05},
}

@misc{gleixnerPaPILOParallelPresolving2024,
    title = {{{PaPILO}}: {{A Parallel Presolving Library}} for {{Integer}} and {
             {Linear Optimization}} with {{Multiprecision Support}}},
    author = {Gleixner, Ambros and Hoen, Alexander and Gottwald, Leona},
    year = {2024},
    number = {arXiv:2206.10709v3},
    eprint = {2206.10709v3},
    publisher = {arXiv},
    urldate = {2024-09-02},
    archiveprefix = {arXiv},
    langid = {english},
}

@article{goudarRobustParameterEstimation2009,
    title = {Robust Parameter Estimation during Logistic Modeling of Batch and
             Fed-Batch Culture Kinetics},
    author = {Goudar, Chetan T. and Konstantinov, Konstantinov B. and Piret,
              James M.},
    year = {2009},
    journal = {Biotechnology Progress},
    volume = {25},
    number = {3},
    pages = {801--806},
    publisher = {American Chemical Society (ACS)},
    issn = {8756-7938},
    doi = {10.1002/btpr.154},
}

@book{gyunterKursVariacionnogoIschisleniya2022,
    title = {{Курс Вариационного Исчисления}},
    author = {Гюнтер, Н. М.},
    year = {2022},
    edition = {2, стереотипное},
    publisher = {Лань},
    address = {Санкт-Петербург},
    isbn = {978 5 8114 0893 1},
    langid = {russian},
}

@phdthesis{hendelNewRoundingPropagation2011,
    type = {Bachelor's {{Thesis}}},
    title = {New {{Rounding}} and {{Propagation Heuristics}} for {{Mixed Integer
             Programming}}},
    author = {Hendel, Gregor},
    year = {2011},
    address = {Berlin},
    langid = {english},
    school = {Technischen Universit ̈at Berlin},
}

@book{hermenVosstanovlenieIzobrazheniyPo1983,
    title = {{Восстановление Изображений по Проекциям: Основы реконструктивной
             томографии}},
    author = {Хермен, Габор},
    editor = {Сороко, Л. М.},
    translator = {Бабина, Л. В. and Мещерякова, А. Б.},
    year = {1983},
    publisher = {Мир},
    address = {Москва},
    langid = {russian},
}

@article{higuchiSimultaneousAmplificationDetection1992,
    title = {Simultaneous {{Amplification}} and {{Detection}} of {{Specific DNA
             Sequences}}},
    author = {Higuchi, Russell and Dollinger, Gavin and Walsh, P. Sean and
              Griffith, Robert},
    year = {1992},
    journal = {Bio/Technology},
    volume = {10},
    number = {4},
    pages = {413--417},
    issn = {1546-1696},
    doi = {10.1038/nbt0492-413},
}

@book{howittHEARTCity2020,
    title = {{{HEART}}: {{The City Beneath}}},
    author = {Howitt, Grant and Taylor, Christopher},
    editor = {Gould, Helen and Hamilton, Mary},
    year = {2020},
    edition = {1},
    publisher = {{Rowan, Rook and Decard}},
    address = {UK},
    langid = {english},
}

@book{howittHEARTCityQuickstart2020,
    title = {{{HEART}}: {{The City Beneath}} - {{Quickstart Edition}}},
    author = {Howitt, Grant and Taylor, Christopher},
    editor = {Gould, Helen and Hamilton, Mary},
    year = {2020},
    edition = {1},
    publisher = {{Rowan, Rook and Decard}},
    address = {UK},
    langid = {english},
}

@book{incurvatiConceptionsSetFoundations2020,
    title = {Conceptions of {{Set}} and the {{Foundations}} of {{Mathematics}}},
    author = {Incurvati, Luca},
    year = {2020},
    publisher = {Cambridge University Press},
    address = {Cambridge},
    isbn = {978-1-108-49782-4},
    langid = {english},
}

@article{kainzPCRPlateauPhase2000,
    title = {The {{PCR}} Plateau Phase – towards an Understanding of Its
             Limitations},
    author = {Kainz, Peter},
    year = {2000},
    journal = {Biochimica et Biophysica Acta (BBA) - Gene Structure and
               Expression},
    volume = {1494},
    number = {1},
    pages = {23--27},
    issn = {0167-4781},
    doi = {10.1016/S0167-4781(00)00200-1},
}

@article{karlenStatisticalSignificanceQuantitative2007,
    title = {Statistical Significance of Quantitative {{PCR}}},
    author = {Karlen, Yann and McNair, Alan and Perseguers, Sébastien and Mazza,
              Christian and Mermod, Nicolas},
    year = {2007},
    journal = {BMC Bioinformatics},
    volume = {8},
    number = {1},
    pages = {131},
    issn = {1471-2105},
    doi = {10.1186/1471-2105-8-131},
    urldate = {2024-11-06},
}

@article{kedzierskaSONiCSPCRStutter2018,
    title = {{{SONiCS}}: {{PCR}} Stutter Noise Correction in Genome-Scale
             Microsatellites},
    author = {Kedzierska, Katarzyna Z and Gerber, Livia and Cagnazzi, Daniele
              and Krützen, Michael and Ratan, Aakrosh and Kistler, Logan},
    year = {2018},
    journal = {Bioinformatics},
    volume = {34},
    number = {23},
    pages = {4115--4117},
    issn = {1367-4803},
    doi = {10.1093/bioinformatics/bty485},
    urldate = {2024-10-23},
}

@phdthesis{kobersteinDualSimplexMethod2005,
    title = {The Dual Simplex Method, {{Techniques}} for a Fast and Stable
             Implementation},
    author = {Koberstein, Achim},
    year = {2005},
    address = {Paderborn},
    langid = {english},
    school = {Paderborn},
}

@book{krasnoselskiySistemyGisterezisom1983,
    title = {{Системы с гистерезисом}},
    author = {Красносельский, М А and Покровский, А В},
    year = {1983},
    publisher = {Наука},
    address = {Москва},
    langid = {russian},
}

@article{kriskoBiologyExtremeRadiation2013,
    title = {Biology of Extreme Radiation Resistance: The Way of {{Deinococcus}}
             Radiodurans.},
    author = {Krisko, Anita and Radman, Miroslav},
    year = {2013},
    journal = {Cold Spring Harbor perspectives in biology},
    volume = {5},
    number = {7},
    issn = {1943-0264},
    doi = {10.1101/cshperspect.a012765},
    langid = {english},
}

@article{kubistaRealtimePolymeraseChain2006,
    title = {The Real-Time Polymerase Chain Reaction},
    author = {Kubista, Mikael and Andrade, José Manuel and Bengtsson, Martin and
              Forootan, Amin and Jonák, Jiri and Lind, Kristina and Sindelka,
              Radek and Sjöback, Robert and Sjögreen, Björn and Strömbom, Linda
              and Ståhlberg, Anders and Zoric, Neven},
    year = {2006},
    journal = {Real-time Polymerase Chain Reaction},
    volume = {27},
    number = {2},
    pages = {95--125},
    issn = {0098-2997},
    doi = {10.1016/j.mam.2005.12.007},
}

@patent{kurnikPCRElbowDetermination2007,
    title = {{{PCR}} Elbow Determination by Use of a Double Sigmoid Function
             Curve Fit with the {{Levenberg-Marquardt}} Algorithm and
             Normalization},
    author = {Kurnik, Ronald T. and Francioli, Laurent and Knobel, Rolf},
    year = {2007},
    number = {US20070143385A1},
    pages = {23},
    assignee = {Roche Molecular Systems, Inc., Alameda, CA (US)},
    langid = {english},
    nationality = {US},
}

@patent{kurnikPCRElbowDetermination2011,
    title = {{{PCR}} Elbow Determination Using Curvature Analysis of a Double
             Sigmoid},
    author = {Kurnik, Ronald T. and Wang, Jianmei},
    year = {2011},
    number = {US007991562B2},
    pages = {28},
    assignee = {Roche Molecular Systems, Inc., Pleasanton, CA (US)},
    langid = {english},
    nationality = {US},
}

@patent{kurnikRealtimePCRElbow2012,
    title = {Real-Time {{PCR}} Elbow Calling by Equation-Less Algorithm},
    author = {Kurnik, Ronald T. and Titz, Martin},
    year = {2012},
    number = {US008219324B2},
    pages = {20},
    assignee = {Roche Molecular Systems, Inc., Pleasanton, CA (US)},
    langid = {english},
    nationality = {US},
}

@inproceedings{kurnikRotationAlgorithmDetermining2007,
    title = {Rotation {{Algorithm}} for {{Determining Cycle Thresholds}} in {{
             Real-Time Polymerase Chain Reactions}}},
    booktitle = {2007 29th {{Annual International Conference}} of the {{IEEE
                 Engineering}} in {{Medicine}} and {{Biology Society}}},
    author = {Kurnik, Ronald T.},
    year = {2007},
    pages = {1977--1980},
    doi = {10.1109/IEMBS.2007.4352706},
    isbn = {1558-4615},
    langid = {english},
}

@article{lalamBayesianEstimationQuantification2007,
    title = {Bayesian {{Estimation}} for {{Quantification}} by {{Real-time
             Polymerase Chain Reaction Under}} a {{Branching Process Model}} of
             the {{DNA Molecules Amplification Process}}},
    author = {Lalam, Nadia and Jacob, Christine},
    year = {2007},
    journal = {Mathematical Population Studies},
    volume = {14},
    number = {2},
    pages = {111--129},
    publisher = {Routledge},
    issn = {0889-8480},
    doi = {10.1080/08898480701298418},
}

@article{lalamQuantitativeApproachPolymerase2009,
    title = {A Quantitative Approach for Polymerase Chain Reactions Based on a
             Hidden {{Markov}} Model},
    author = {Lalam, Nadia},
    year = {2009},
    journal = {Journal of Mathematical Biology},
    volume = {59},
    number = {4},
    pages = {517--533},
    issn = {1432-1416},
    doi = {10.1007/s00285-008-0238-3},
}

@article{larionovStandardCurveBased2005,
    title = {A Standard Curve Based Method for Relative Real Time {{PCR}} Data
             Processing},
    author = {Larionov, Alexey and Krause, Andreas and Miller, William},
    year = {2005},
    journal = {BMC Bioinformatics},
    volume = {6},
    number = {1},
    pages = {62},
    issn = {1471-2105},
    doi = {10.1186/1471-2105-6-62},
}

@article{lasdonNonlinearOptimizationUsing1973,
    title = {Nonlinear {{Optimization Using}} the {{Generalized Reduced Gradient
             Method}}},
    author = {Lasdon, Leon and Fox, Richard and Ratner, Margery},
    year = {1973},
    journal = {Revue Française d’Automatique, Informatique, Recherche
               Opérationnelle. Série Verte},
    volume = {8},
    pages = {63},
    doi = {10.1051/ro/197408V300731},
}

@book{lavrentevMetodyTeoriiFunkciy1973,
    title = {{Методы теории функций комплексного переменного}},
    author = {Лаврентьев, М. А. and Шабат, Б. В.},
    year = {1973},
    edition = {4, исправленное},
    publisher = {Наука},
    address = {Москва},
    urldate = {2024-05-04},
    langid = {russian},
}

@misc{liuKANKolmogorovArnoldNetworks2024,
    title = {{{KAN}}: {{Kolmogorov-Arnold Networks}}},
    author = {Liu, Ziming and Wang, Yixuan and Vaidya, Sachin and Ruehle, Fabian
              and Halverson, Jamess and {Soljaˇ ci ́ c}, Marin and Hou, Thomas Y.
              and Tegmark, Max},
    year = {2024},
    number = {arXiv:2404.19756v4},
    eprint = {2404.19756v4},
    publisher = {arXiv},
    doi = {10.48550/arXiv.2404.19756},
    urldate = {2024-10-05},
    archiveprefix = {arXiv},
    langid = {english},
}

@misc{liuKANKolmogorovArnoldNetworks2024a,
    title = {{{KAN}} 2.0: {{Kolmogorov-Arnold Networks Meet Science}}},
    author = {Liu, Ziming and Ma, Pingchuan and Wang, Yixuan and Matusik,
              Wojcieh and Tegmark, Max},
    year = {2024},
    number = {arXiv:2408.10205v1},
    eprint = {2408.10205v1},
    publisher = {arXiv},
    doi = {10.48550/arXiv.2408.10205},
    urldate = {2024-10-05},
    archiveprefix = {arXiv},
    langid = {english},
}

@article{liuNewQuantitativeMethod2002,
    title = {A New Quantitative Method of Real Time Reverse Transcription
             Polymerase Chain Reaction Assay Based on Simulation of Polymerase
             Chain Reaction Kinetics.},
    author = {Liu, Weihong and Saint, David A.},
    year = {2002},
    journal = {Analytical biochemistry},
    volume = {302},
    number = {1},
    pages = {52--9},
    langid = {english},
}

@article{liuProgressCurveAnalysis2011,
    title = {Progress Curve Analysis of {{qRT-PCR}} Reactions Using the Logistic
             Growth Equation},
    author = {Liu, Meile and {Udhe-Stone}, Claudia and Goudar, Chetan T.},
    year = {2011},
    journal = {Biotechnology Progress},
    volume = {27},
    number = {5},
    pages = {1407--1414},
    publisher = {American Chemical Society (ACS)},
    issn = {8756-7938},
    doi = {10.1002/btpr.666},
    langid = {english},
}

@article{liuSignalNoiseBridging2002,
    title = {Signal and Noise in Bridging {{PCR}}},
    author = {Liu, Shumo and Thaler, David S. and Libchaber, Albert},
    year = {2002},
    journal = {BMC Biotechnology},
    volume = {2},
    number = {1},
    pages = {13},
    issn = {1472-6750},
    doi = {10.1186/1472-6750-2-13},
    langid = {english},
}

@article{liuValidationQuantitativeMethod2002,
    title = {Validation of a Quantitative Method for Real Time {{PCR}} Kinetics},
    author = {Liu, Weihong and Saint, David A.},
    year = {2002},
    month = {Biochemical and Biophysical Research Communications},
    volume = {294},
    number = {2},
    pages = {347--353},
    issn = {0006-291X},
    doi = {10.1016/S0006-291X(02)00478-3},
    langid = {english},
}

@article{livakAnalysisRelativeGene2001,
    title = {Analysis of Relative Gene Expression Data Using Real-Time
             Quantitative {{PCR}} and the 2(-{{Delta Delta C}}({{T}})) {{Method}}
             .},
    author = {Livak, Kenneth J. and Schmittgen, Thomas D.},
    year = {2001},
    journal = {Methods},
    volume = {25},
    number = {4},
    pages = {402--408},
    address = {United States},
    issn = {1046-2023},
    doi = {10.1006/meth.2001.1262},
    copyright = {Copyright 2001 Elsevier Science (USA).},
    langid = {english},
    pmid = {11846609},
}

@misc{livakUserBulletinABI1997,
    title = {User {{Bulletin}} \#2: {{ABI PRISM}} 7700 {{Sequence Detection
             System}}},
    author = {Livak, Kenneth J.},
    year = {1997},
    publisher = {PE Applied Biosystems},
    urldate = {2024-10-10},
    langid = {english},
}

@article{luu-theImprovedRealTimeRTPCR2005,
    title = {Improved {{Real-Time RT-PCR Method}} for {{High-Throughput
             Measurements}} Using {{Second Derivative Calculation}} and {{Double
             Correction}}},
    author = {{Luu-The}, Van and Paquet, Nathalie and Calvo, Ezequiel and Cumps,
              Jean},
    year = {2005},
    journal = {BioTechniques},
    volume = {38},
    number = {2},
    pages = {287--293},
    publisher = {Taylor \& Francis},
    issn = {0736-6205},
    doi = {10.2144/05382RR05},
}

@incollection{maddySettheoreticFoundations2017,
    title = {Set-Theoretic Foundations},
    booktitle = {Foundations of {{Mathematics}}},
    author = {Maddy, Penelope},
    editor = {Caicedo, Andrés Eduardo and Cummings, James and Koellner, Peter
              and Larson, Paul B.},
    year = {2017},
    series = {Contemporary {{Mathematics}}},
    number = {690},
    pages = {289--322},
    urldate = {2023-09-02},
    isbn = {978-1-4704-2256-1 (print); 978-1-4704-4079-4 (online)},
    langid = {english},
}

@techreport{maherSCIPOptimizationSuite2017,
    type = {Technical Report},
    title = {The {{SCIP Optimization Suite}} 4.0},
    author = {Maher, Stephen and Fischer, Tobias and Gally, Tristan and Gamrath,
              Gerald and Gleixner, Ambros and Gottwald, Leona and Hendel, Gregor
              and Koch, Thorsten and Lübbecke, Marco and Miltenberger, Matthias
              and Müller, Benjamin and Pfetsch, Marc and Puchert, Christian and
              Rehfeldt, Daniel and Schenker, Sebastian and Schwarz, Robert and
              Serrano, Felipe and Shinano, Yuji and Weninger, Dieter and Witzig,
              Jakob},
    year = {2017},
    number = {ZIB Report 17-12},
    pages = {82},
    address = {Berlin},
    institution = {Zuse Institute Berlin},
    langid = {english},
}

@book{mullerElementaryFunctionsAlgorithms2016,
    title = {Elementary {{Functions}}: {{Algorithms}} and {{Implementation}}},
    author = {Muller, Jean-Michel},
    year = {2016},
    edition = {3},
    publisher = {Birkhäuser Boston, MA},
    address = {US},
    doi = {10.1007/978-1-4899-7983-4},
    langid = {english},
}

@article{mullerProcessingGeneExpression2002,
    title = {Processing of {{Gene Expression Data Generated}} by {{Quantitative
             Real-Time RT-PCR}}},
    author = {Muller, Patrick Y. and Janovjak, Harald and Miserez, André R. and
              Dobbie, Zuzana},
    year = {2002},
    journal = {BioTechniques},
    volume = {32},
    number = {6},
    pages = {1372--9},
    langid = {english},
}

@book{natansonTeoriyaFunkciyVeshchestvennoy2008,
    title = {{Теория Функций Вещественной Переменной: Учебник для вузов}},
    author = {Натансон, И. П.},
    year = {2008},
    edition = {5-е, стереотипное},
    publisher = {Лань},
    address = {Москва},
    isbn = {978-5-8114-0136-9},
    langid = {russian},
}

@book{nocedalNumericalOptimization2006,
    title = {Numerical {{Optimization}}},
    author = {Nocedal, Jorge and Wright, Stephen J.},
    editor = {Mikosch, Thomas V. and Resnick, Sidney I. and Robinson, Stephen M.
              },
    year = {2006},
    series = {Springer {{Series}} in {{Operation Research}} and {{Financial
              Engineering}}},
    edition = {2},
    publisher = {Springer New York},
    address = {New York, NY},
    urldate = {2024-03-30},
    isbn = {978-0-387-40065-5},
    langid = {english},
}

@article{orekhovQuasiDeterministicProcessesMonotonic2021,
    title = {Quasi-{{Deterministic Processes}} with {{Monotonic Trajectories}}
             and {{Unsupervised Machine Learning}}},
    author = {Orekhov, Andrey V.},
    year = {2021},
    journal = {Mathematics},
    volume = {9},
    number = {2301},
    pages = {1--26},
    issn = {2227-7390},
    doi = {10.3390/math9182301},
    urldate = {2024-04-26},
    langid = {english},
}

@article{orekhovUnsupervisedMachineLearning2023,
    title = {Unsupervised {{Machine Learning Methods}} for {{Determining Special
             Points}} of the {{Polymerase Chain Reaction Fluorescence
             Accumulation Curve}}},
    author = {Orekhov, A. V. and Potekhina, M. A.},
    year = {2023},
    journal = {Moscow University Physics Bulletin},
    volume = {78},
    number = {1},
    pages = {S169-S179},
    issn = {1934-8460},
    doi = {10.3103/S0027134923070238},
    urldate = {2024-04-26},
    langid = {english},
}

@inbook{peccoudStatisticalEstimationsPCR1998,
    title = {Statistical {{Estimations}} of {{PCR Amplification Rates}}},
    booktitle = {Gene {{Quantification}}},
    author = {Peccoud, Jean and Jacob, Christine},
    year = {1998},
    series = {Advanced {{Biomdeical Technologies}}},
    pages = {111--128},
    publisher = {Birkhauser},
    address = {New York},
    collaborator = {Francois, Ferre},
    langid = {english},
}

@article{peirsonExperimentalValidationNovel2003,
    title = {Experimental Validation of Novel and Conventional Approaches to
             Quantitative Real‐time {{PCR}} Data Analysis},
    author = {Peirson, Stuart N. and Butler, Jason N. and Foster, Russell G.},
    year = {2003},
    journal = {Nucleic Acids Research},
    volume = {31},
    number = {14},
    pages = {e73-e73},
    issn = {0305-1048},
    doi = {10.1093/nar/gng073},
    urldate = {2024-10-11},
    langid = {english},
}

@article{petersRealtimeRTPCRConsiderations2004,
    title = {Real-Time {{RT-PCR}}: Considerations for Efficient and Sensitive
             Assay Design},
    author = {Peters, I.R and Helps, C.R and Hall, E.J and Day, M.J},
    year = {2004},
    journal = {Journal of Immunological Methods},
    volume = {286},
    number = {1},
    pages = {203--217},
    issn = {0022-1759},
    doi = {10.1016/j.jim.2004.01.003},
}

@article{Pfaffl2002RelativeES,
    title = {Relative Expression Software Tool ({{REST}}©) for Group-Wise
             Comparison and Statistical Analysis of Relative Expression Results
             in Real-Time {{PCR}}},
    author = {Pfaffl, Michael W. and Horgan, Graham W. and Dempfle, Leo},
    year = {2002},
    journal = {Nucleic Acids Research},
    volume = {30},
    number = {9},
    pages = {e36},
    doi = {10.1093/nar/30.9.e36},
    langid = {english},
}

@article{pfafflNewMathematicalModel2001,
    title = {A New Mathematical Model for Relative Quantification in Real-Time {
             {RT-PCR}}},
    author = {Pfaffl, Michael W.},
    year = {2001},
    journal = {Nucleic Acids Research},
    volume = {29},
    number = {9},
    pages = {2002--2007},
    issn = {1362-4962 0305-1048},
    doi = {10.1093/nar/29.9.e45},
    langid = {english},
}

@book{potterSetTheoryIts2004,
    title = {Set Theory and Its Philosophy: A Critical Introduction},
    author = {Potter, Michael},
    year = {2004},
    publisher = {Oxford University Press},
    address = {Oxford},
    urldate = {2024-03-25},
    isbn = {0-19-926973-4 978-1-4237-8885-0 978-0-19-926973-0 0-19-927041-4},
    langid = {english},
}

@incollection{provenzanoComplementaryTechniquesValidation2007,
    title = {Complementary {{Techniques}}: {{Validation}} of {{Gene Expression
             Data}} by {{Quantitative Real Time PCR}}},
    booktitle = {Microarray {{Technology}} and {{Cancer Gene Profiling}}},
    author = {Provenzano, Maurizio and Mocellin, Simone},
    editor = {Mocellin, Simone},
    year = {2007},
    pages = {66--73},
    publisher = {Springer New York},
    address = {New York, NY},
    doi = {10.1007/978-0-387-39978-2_7},
    isbn = {978-0-387-39978-2},
}

@article{pughSkipListsProbabilistic1990,
    title = {Skip Lists: A Probabilistic Alternative to Balanced Trees},
    author = {Pugh, William},
    year = {1990},
    month = {Commun. ACM},
    volume = {33},
    number = {6},
    pages = {668--676},
    publisher = {Association for Computing Machinery},
    address = {New York, NY, USA},
    issn = {0001-0782},
    doi = {10.1145/78973.78977},
}

@article{radonDeterminationFunctionsTheir1986,
    title = {On the Determination of Functions from Their Integral Values along
             Certain Manifolds},
    author = {Radon, Johann},
    translator = {Parks, P. C.},
    year = {1986},
    journal = {IEEE Transactions on Medical Imaging},
    volume = {5},
    number = {4},
    pages = {170--176},
    issn = {1558-254X},
    doi = {10.1109/TMI.1986.4307775},
    langid = {english},
}

@article{ramakersAssumptionfreeAnalysisQuantitative2003,
    title = {Assumption-Free Analysis of Quantitative Real-Time Polymerase Chain
             Reaction ({{PCR}}) Data},
    author = {Ramakers, Christian and Ruijter, Jan M. and Deprez, Ronald H.
              Lekanne and Moorman, Antoon F. M.},
    year = {2003},
    journal = {Neuroscience Letters},
    volume = {339},
    number = {1},
    pages = {62--66},
    issn = {0304-3940},
    doi = {10.1016/S0304-3940(02)01423-4},
}

@incollection{rasmussenQuantificationLightCycler2001,
    title = {Quantification on the {{LightCycler}}},
    booktitle = {Rapid {{Cycle Real-Time PCR}}: {{Methods}} and {{Applications}}
                 },
    author = {Rasmussen, Randy},
    editor = {Meuer, Stefan and Wittwer, Carl and Nakagawara, Kan-Ichi},
    year = {2001},
    pages = {21--34},
    publisher = {Springer Berlin Heidelberg},
    address = {Berlin, Heidelberg},
    doi = {10.1007/978-3-642-59524-0_3},
    isbn = {978-3-642-59524-0},
    langid = {english},
}

@book{rebrikovPCRRealnomVremeni2009,
    title = {{ПЦР в реальном времени}},
    author = {Ребриков, Д. В. and Саматов, Г. А. and Трофимов, Д. Ю. and Семёнов
              , П. А. and Савилова, А. М. and Кофиади, И. А. and Абрамов, Д. Д.},
    editor = {Ребриков, Д. В.},
    year = {2009},
    edition = {2},
    publisher = {БИНОМ. Лаборатория знаний},
    address = {Москва},
    isbn = {978-5-9963-0086-0},
    langid = {russian},
}

@article{rebrikovRealtimePCRReview2006,
    title = {Real-Time {{PCR}}: A Review of Approaches to Data Analysis},
    author = {Rebrikov, D. V. and Trofimov, D. Y.},
    year = {2006},
    journal = {Applied Biochemistry and Microbiology},
    volume = {42},
    number = {5},
    pages = {455--463},
    issn = {0003-6838},
    doi = {10.1134/S0003683806050024},
    langid = {english},
}

@article{rockafellarLagrangeMultipliersOptimality1993,
    title = {Lagrange {{Multipliers}} and {{Optimality}}},
    author = {Rockafellar, R. Tyrrell},
    year = {1993},
    journal = {SIAM Review},
    volume = {35},
    number = {2},
    pages = {183--238},
    doi = {10.1137/1035044},
    langid = {english},
}

@article{ruijterAmplificationEfficiencyLinking2009,
    title = {Amplification Efficiency: Linking Baseline and Bias in the Analysis
             of Quantitative {{PCR}} Data},
    author = {Ruijter, J. M. and Ramakers, C. and Hoogaars, W. M. H. and Karlen,
              Y. and Bakker, O. and {van den Hoff}, M. J. B. and Moorman, A. F.
              M.},
    year = {2009},
    month = {Nucleic Acids Research},
    volume = {37},
    number = {6},
    pages = {e45-e45},
    issn = {0305-1048},
    doi = {10.1093/nar/gkp045},
    urldate = {2024-12-04},
}

@article{rutledgeMathematicsQuantitativeKinetic2003,
    title = {Mathematics of Quantitative Kinetic {{PCR}} and the Application of
             Standard Curves},
    author = {Rutledge, R. G. and Côté, C.},
    year = {2003},
    journal = {Nucleic Acids Research},
    volume = {31},
    number = {16},
    pages = {e93-e93},
    issn = {0305-1048},
    doi = {10.1093/nar/gng093},
    urldate = {2024-09-05},
}

@article{rutledgeSigmoidalCurvefittingRedefines2004,
    title = {Sigmoidal Curve-Fitting Redefines Quantitative Real-Time {{PCR}}
             with the Prospective of Developing Automated High-Throughput
             Applications},
    author = {Rutledge, R. G.},
    year = {2004},
    journal = {Nucleic Acids Research},
    volume = {32},
    number = {22},
    pages = {e178-e178},
    issn = {0305-1048},
    doi = {10.1093/nar/gnh177},
    urldate = {2024-11-05},
}

@article{savitzkySmoothingDifferentiationData1964,
    title = {Smoothing and {{Differentiation}} of {{Data}} by {{Simplified Least
             Squares Procedures}}},
    author = {Savitzky, {\relax Abraham}. and Golay, Marcel J. E.},
    year = {1964},
    month = {Analytical Chemistry},
    volume = {36},
    number = {8},
    pages = {1627--1639},
    publisher = {American Chemical Society},
    issn = {0003-2700},
    doi = {10.1021/ac60214a047},
}

@book{scharpReplacingTruth2013,
    title = {Replacing {{Truth}}},
    author = {Scharp, Kevin},
    year = {2013},
    publisher = {Oxford University Press},
    address = {Oxford},
    isbn = {0-19-965385-2 978-0-19-965385-0},
    langid = {english},
}

@article{schlerethUseRecursionFormula1998,
    title = {Use of the Recursion Formula of the {{Gompertz}} Function for the
             Quantitation of {{PCR-amplified}} Templates.},
    author = {Schlereth, W and Bassukas, I D and Deubel, W and Lorenz, R and
              Hempel, K},
    year = {1998},
    journal = {International Journal of Molecular Medicine},
    volume = {1},
    number = {2},
    pages = {463--470},
    issn = {1107-3756 1791-244X},
    doi = {10.3892/ijmm.1.2.463},
    langid = {english},
}

@article{schoderd.NovelApproachAssessing2005,
    title = {Novel {{Approach}} for {{Assessing Performance}} of {{PCR Cyclers
             Used}} for {{Diagnostic Testing}}},
    author = {{Schoder D.} and {Schmalwieser A.} and {Schauberger G.} and {
              Hoorfar J.} and {Kuhn M.} and {Wagner M.}},
    year = {2005},
    journal = {Journal of Clinical Microbiology},
    volume = {43},
    number = {6},
    pages = {2724--2728},
    publisher = {American Society for Microbiology},
    doi = {10.1128/jcm.43.6.2724-2728.2005},
}

@article{schoderPhysicalCharacteristicsSix2003,
    title = {Physical {{Characteristics}} of {{Six New Thermocyclers}}},
    author = {Schoder, Dagmar and Schmalwieser, Alois and Schauberger, Günther
              and Kuhn, Matthias and Hoorfar, Jeffrey and Wagner, Martin},
    year = {2003},
    month = {Clinical Chemistry},
    volume = {49},
    number = {6},
    pages = {960--963},
    issn = {0009-9147},
    doi = {10.1373/49.6.960},
}

@techreport{schorkPermutingSpikedMatrices2017,
    type = {Technical Report},
    title = {Permuting {{Spiked Matrices}} to {{Triangular Form}} and Its {{
             Application}} to the {{Forrest-Tomlin Update}}},
    author = {Schork, Lukas and Gondzio, Jacek},
    year = {2017},
    month = {ERGO-17-002},
    pages = {14},
    address = {Scotland, UK},
    institution = {University of Edinburgh},
    urldate = {2023-12-13},
    langid = {english},
}

@book{shapiroThinkingMathematicsPhilosophy2000,
    title = {Thinking about {{Mathematics}}: {{The Philosophy}} of {{Mathematics
             }}},
    author = {Shapiro, Stewart},
    year = {2000},
    publisher = {Oxford University Press},
    address = {USA},
    isbn = {0-19-289306-8 978-0-19-289306-2},
    langid = {english},
}

@book{smithBeginningMathematicalLogic2022,
    title = {Beginning {{Mathematical Logic}}: {{A Study Guide}}},
    author = {Smith, Peter},
    year = {2022},
    publisher = {Logic Matters},
    isbn = {1-916906-33-8 978-1-916906-33-4},
    langid = {english},
}

@book{smithIntroductionFormalLogic2020,
    title = {An {{Introduction}} to {{Formal Logic}}},
    author = {Smith, Peter},
    year = {2020},
    edition = {2},
    publisher = {Logic Matters},
    isbn = {9798675803941},
    langid = {english},
}

@article{stahlbergQuantitativeRealTimePCR2003,
    title = {Quantitative {{Real-Time PCR Method}} for {{Detection}} of {{
             B-Lymphocyte Monoclonality}} by {{Comparison}} of κ and λ {{
             Immunoglobulin Light Chain Expression}}},
    author = {Ståhlberg, Anders and Åman, Pierre and Ridell, Börje and Mostad,
              Petter and Kubista, Mikael},
    year = {2003},
    journal = {Clinical Chemistry},
    volume = {49},
    number = {1},
    pages = {51--59},
    issn = {0009-9147},
    doi = {10.1373/49.1.51},
    urldate = {2024-11-01},
    langid = {english},
}

@article{Sthlberg2005QuantitativeRP,
    title = {Quantitative Real-Time {{PCR}} for Cancer Detection: The Lymphoma
             Case},
    author = {Ståhlberg, Anders and Zoric, Neven and Åman, Pierre and Kubista,
              Mikael},
    year = {2005},
    journal = {Expert Review of Molecular Diagnostics},
    volume = {5},
    pages = {221--230},
    issn = {1473-7159},
    doi = {10.1586/14737159.5.2.221},
    langid = {english},
}

@article{suLabelfreeDNAsensorPCRlike2014,
    title = {Label-Free {{DNAsensor}} with {{PCR-like}} Sensitivity Based on
             Background Reduction and Target-Triggered Polymerization
             Amplification},
    author = {Su, Hongyan and Meng, Xiaochun and Guo, Qiuping and Tan, Yongjun
              and Cai, Qingyun and Qin, Hongtao and Meng, Xiangxian},
    year = {2014},
    journal = {Biosensors and Bioelectronics},
    volume = {52},
    pages = {417--421},
    issn = {0956-5663},
    doi = {10.1016/j.bios.2013.09.007},
}

@article{swillensRevisitingSigmoidalCurve2008,
    title = {Revisiting the Sigmoidal Curve Fitting Applied to Quantitative
             Real-Time {{PCR}} Data},
    author = {Swillens, Stéphane and Dessars, Barbara and Housni, Hakim El},
    year = {2008},
    journal = {Analytical Biochemistry},
    volume = {373},
    number = {2},
    pages = {370--376},
    issn = {0003-2697},
    doi = {10.1016/j.ab.2007.10.019},
}

@book{takacsMathematicsHystereticPhenomena2003,
    title = {Mathematics of Hysteretic Phenomena: The {{T}}(x) Model for the
             Description of Hysteresis},
    author = {Takács, J.},
    year = {2003},
    publisher = {Wiley-VCH},
    address = {Weinheim},
    isbn = {3527404015 : ¹55.00},
    langid = {english},
    lccn = {538.3 21 British Library DSC m03/32707 British Library STI (B) 538.3
            },
}

@article{tellinghuisenComparingRealtimeQuantitative2014,
    title = {Comparing Real-Time Quantitative Polymerase Chain Reaction Analysis
             Methods for Precision, Linearity, and Accuracy of Estimating
             Amplification Efficiency},
    author = {Tellinghuisen, Joel and Spiess, Andrej-Nikolai},
    year = {2014},
    journal = {Analytical Biochemistry},
    volume = {449},
    pages = {76--82},
    issn = {0003-2697},
    doi = {10.1016/j.ab.2013.12.020},
}

@article{teoLightCyclerQPCROptimisation2002,
    title = {{{LightCycler qPCR}} Optimisation for Low Copy Number Target {{DNA}
             }},
    author = {Teo, I.A. and Choi, J.W. and Morlese, J. and Taylor, G. and
              Shaunak, S.},
    year = {2002},
    journal = {Journal of Immunological Methods},
    volume = {270},
    number = {1},
    pages = {119--133},
    issn = {0022-1759},
    doi = {10.1016/S0022-1759(02)00218-1},
    langid = {english},
}

@article{tichopadImprovingQuantitativeRealtime2002,
    title = {Improving Quantitative Real-Time {{RT-PCR}} Reproducibility by
             Boosting Primer-Linked Amplification Efficiency},
    author = {Tichopad, Ales and Dzidic, Anamarija and Pfaffl, Michael W.},
    year = {2002},
    journal = {Biotechnology Letters},
    volume = {24},
    number = {24},
    pages = {2053--2056},
    issn = {1573-6776},
    doi = {10.1023/A:1021319421153},
    urldate = {2024-09-30},
    langid = {english},
}

@article{tichopadInhibitionRealtimeRT2004,
    title = {Inhibition of Real-Time {{RT}}–{{PCR}} Quantification Due to
             Tissue-Specific Contaminants},
    author = {Tichopad, Ales and Didier, Andrea and Pfaffl, Michael W},
    year = {2004},
    month = {Molecular and Cellular Probes},
    volume = {18},
    number = {1},
    pages = {45--50},
    issn = {0890-8508},
    doi = {10.1016/j.mcp.2003.09.001},
}

@article{tichopadStandardizedDeterminationRealtime2003,
    title = {Standardized Determination of Real-Time {{PCR}} Efficiency from a
             Single Reaction Set-Up.},
    author = {Tichopad, Ales and Dilger, Michael and Schwarz, Gerhard and Pfaffl
              , Michael W.},
    year = {2003},
    journal = {Nucleic acids research},
    volume = {31},
    number = {20},
    pages = {e122},
    doi = {10.1093/nar/gng122},
    langid = {english},
}

@patent{titzDeterminationElbowValues2012,
    title = {Determination of Elbow Values for {{PCR}} for Parabolic Shaped
             Curves},
    author = {Titz, Martin and Kurnik, Ronald T.},
    year = {2012},
    number = {USOO8219366B2},
    pages = {12},
    assignee = {Roche Molecular Systems, Inc., Pleasanton, CA (US)},
    langid = {english},
    nationality = {US},
}

@book{tuckerValidatedNumerics2011,
    title = {Validated {{Numerics}}},
    author = {Tucker, Warwick},
    year = {2011},
    publisher = {Princeton University Press},
    address = {Princeton},
    doi = {10.2307/j.ctvcm4g18},
    isbn = {978-0-691-14781-9},
    langid = {english},
}

@book{tumaAlgorithmsSparseLinear2023,
    title = {Algorithms for {{Sparse Linear Systems}}},
    author = {Tůma, Miroslav and Scott, Jennifer},
    year = {2023},
    publisher = {Springer Nature},
    address = {Switzerland},
    isbn = {978-3-031-25820-6 978-3-031-25819-0 3-031-25820-7},
    langid = {english},
}

@misc{vaswaniAttentionAllYou2017,
    title = {Attention {{Is All You Need}}},
    author = {Vaswani, Ashish and Shazeer, Noam and Parmar, Niki and Uszkoreit,
              Jakob and Jones, Llion and Gomez, Aidan N. and Kaiser, Lukasz and
              Polosukhin, Illia},
    year = {2017},
    number = {arXiv:1706.03762v7},
    eprint = {1706.03762v7},
    publisher = {arXiv},
    doi = {10.48550/arXiv.1706.03762},
    urldate = {2024-08-29},
    archiveprefix = {arXiv},
    langid = {english},
}

@phdthesis{weningerSolvingMixedintegerPrograms2016,
    title = {Solving Mixed-Integer Programs Arising in Production Planning},
    author = {Weninger, Dieter},
    year = {2016},
    langid = {english},
    school = {Friedrich-Alexander-Universit ̈at Erlangen-N ̈ urnberg},
}

@article{wiesnerCountingTargetMolecules1992,
    title = {Counting Target Molecules by Exponential Polymerase Chain Reaction:
             {{Copy}} Number of Mitochondrial {{DNA}} in Rat Tissues},
    author = {Wiesner, Rudolf J. and Rüegg, J.Caspar and Morano, Ingo},
    year = {1992},
    journal = {Biochemical and Biophysical Research Communications},
    volume = {183},
    number = {2},
    pages = {553--559},
    issn = {0006-291X},
    doi = {10.1016/0006-291X(92)90517-O},
    langid = {english},
}

@article{wilhelmRealtimePCRbasedMethod2003,
    title = {Real‐time {{PCR}}‐based Method for the Estimation of Genome Sizes},
    author = {Wilhelm, Jochen and Pingoud, Alfred and Hahn, Meinhard},
    year = {2003},
    journal = {Nucleic Acids Research},
    volume = {31},
    number = {10},
    pages = {e56-e56},
    issn = {0305-1048},
    doi = {10.1093/nar/gng056},
    urldate = {2024-10-11},
    langid = {english},
}

@article{wilhelmSoFARSoftwareFully2003,
    title = {{{SoFAR}}: {{Software}} for {{Fully Automatic Evaluation}} of {{
             Real-Time PCR Data}}},
    author = {Wilhelm, Jochen and Pingoud, Alfred and Hahn, Meinhard},
    year = {2003},
    journal = {BioTechniques},
    volume = {34},
    number = {2},
    pages = {324--332},
    publisher = {Taylor \& Francis},
    issn = {0736-6205},
    doi = {10.2144/03342rr03},
    urldate = {2024-11-27},
}

@book{wittgensteinTractatusLogicoPhilosophicusCentenary2021,
    title = {Tractatus {{Logico-Philosophicus}}: {{Centenary Edition}}},
    author = {Wittgenstein, Ludwig},
    editor = {Bazzocchi, Luciano},
    year = {2021},
    series = {Anthem {{Studies}} in {{Wittgenstein}}},
    publisher = {Anthem Press},
    isbn = {1-78527-656-5 978-1-78527-656-9},
    langid = {english},
}

@article{witzigConflictDrivenHeuristicsMixed2020,
    title = {Conflict-{{Driven Heuristics}} for {{Mixed Integer Programming}}},
    author = {Witzig, Jakob and Gleixner, Ambros},
    year = {2020},
    journal = {INFORMS Journal on Computing},
    pages = {706--720},
}

@misc{wu2024stableiterativerefinementalgorithms,
    title = {Stable Iterative Refinement Algorithms for Solving Linear Systems},
    author = {Wu, Chai Wah and Squillante, Mark S. and Kalantzis, Vasileios and
              Horesh, Lior},
    year = {2023},
    number = {arXiv:2309.07865v2},
    eprint = {2309.07865v2},
    primaryclass = {math.NA},
    publisher = {arXiv},
    urldate = {2024-10-17},
    archiveprefix = {arXiv},
    langid = {english},
}

@book{yudinEkstremalnyeModeliEkonomike1979,
    title = {{Экстремальные модели в экономике}},
    author = {Юдин, Давид Беркович and Юдин, Александр Давидович},
    year = {1979},
    publisher = {Экономика},
    address = {Москва},
    langid = {russian},
}

@article{zhangNewDynamicDeep2022,
    title = {A New Dynamic Deep Learning Noise Elimination Method for Chip-Based
             Real-Time {{PCR}}},
    author = {Zhang, Beini and Liu, Yiteng and Song, Qi and Li, Bo and Chen,
              Xuee and Luo, Xiao and Wen, Weijia},
    year = {2022},
    month = {Analytical and Bioanalytical Chemistry},
    volume = {414},
    number = {11},
    pages = {3349--3358},
    issn = {1618-2650},
    doi = {10.1007/s00216-022-03950-7},
    langid = {english},
}

@article{zhangNovelDataProcessing2019,
    title = {A Novel Data Processing Method {{CyC}}* for Quantitative Real Time
             Polymerase Chain Reaction Minimizes Cumulative Error},
    author = {Zhang, Linzhong and Dong, Rui and Wei, Shu and Zhou, Han-Chen and
              Zhang, Meng-Xian and Alagarsamy, Karthikeyan},
    year = {2019},
    journal = {PLOS ONE},
    volume = {14},
    number = {6},
    pages = {e0218159},
    publisher = {Public Library of Science},
    doi = {10.1371/journal.pone.0218159},
}

@article{zhaoComprehensiveAlgorithmQuantitative2005,
    title = {Comprehensive {{Algorithm}} for {{Quantitative Real-Time Polymerase
             Chain Reaction}}},
    author = {Zhao, Sheng and Fernald, Russell D.},
    year = {2005},
    journal = {Journal of Computational Biology},
    volume = {12},
    number = {8},
    pages = {1047--1064},
    publisher = {Mary Ann Liebert, Inc., publishers},
    doi = {10.1089/cmb.2005.12.1047},
    langid = {english},
}

